<collection xmlns="http://www.loc.gov/MARC21/slim"><record><leader>01026nam  2200241   450</leader><controlfield tag="001">16656</controlfield><controlfield tag="003">http://montalegre.opacnet.com/OPAC/default.aspx?ContentAreaControl=ShowRegHoldings.ascx&amp;RegNo=16662</controlfield><controlfield tag="005">20</controlfield><datafield tag="100" ind1=" " ind2=" "><subfield code="a">20140404d1982----m  y0pory0103    ba</subfield></datafield><datafield tag="101" ind1="0" ind2=" "><subfield code="a">por</subfield></datafield><datafield tag="102" ind1=" " ind2=" "><subfield code="a">PT</subfield></datafield><datafield tag="200" ind1="1" ind2=" "><subfield code="a">Jorge Amado</subfield><subfield code="e">O homem e a obra</subfield><subfield code="e">Presença em Portugal</subfield><subfield code="f">Álvaro Salema</subfield></datafield><datafield tag="210" ind1=" " ind2=" "><subfield code="a">Mem Martins</subfield><subfield code="c">Europa-América</subfield><subfield code="d">1982</subfield></datafield><datafield tag="215" ind1=" " ind2=" "><subfield code="a">154 p.</subfield><subfield code="c">il. c/fotos</subfield><subfield code="d">21 cm</subfield></datafield><datafield tag="600" ind1=" " ind2="1"><subfield code="a">Amado</subfield><subfield code="b">Jorge</subfield><subfield code="f">1912-2001</subfield><subfield code="2">Autoridade</subfield><subfield code="3">PT-----------2013101616560005908</subfield></datafield><datafield tag="608" ind1=" " ind2=" "><subfield code="a">Biografias</subfield><subfield code="2">Autoridade</subfield><subfield code="3">PT9999-00-10-2009040123590005428</subfield></datafield><datafield tag="608" ind1=" " ind2=" "><subfield code="a">Crítica literária</subfield><subfield code="2">Autoridade</subfield><subfield code="3">PT9999-00-10-2009040123590005384</subfield></datafield><datafield tag="675" ind1=" " ind2=" "><subfield code="a">929 AMADO</subfield></datafield><datafield tag="675" ind1=" " ind2=" "><subfield code="a">821.134.3(81).09</subfield></datafield><datafield tag="700" ind1=" " ind2="1"><subfield code="a">Salema</subfield><subfield code="b">Álvaro</subfield><subfield code="f">1914-1991</subfield><subfield code="2">Autoridade</subfield><subfield code="3">PT-----------2014040411400006085</subfield></datafield><datafield tag="702" ind1=" " ind2="1"><subfield code="a">Amado</subfield><subfield code="b">Jorge</subfield><subfield code="f">1912-2001</subfield><subfield code="2">Autoridade</subfield><subfield code="3">PT-----------2013101616560005908</subfield><subfield code="4">100</subfield></datafield><datafield tag="801" ind1=" " ind2="0"><subfield code="a">PT</subfield><subfield code="b">Biblioteca Municipal de Montalegre</subfield><subfield code="g">RPC</subfield></datafield><datafield tag="856" ind1=" " ind2=" "><subfield code="u">locateMedia.aspx?cod=20140404114252&amp;ext=jpg</subfield><subfield code="z">CAPA</subfield></datafield><datafield tag="909" ind1="&#9;" ind2=" "><subfield code="a">1</subfield></datafield><datafield tag="966" ind1=" " ind2=" "><subfield code="a">0013814</subfield><subfield code="l">BMM</subfield><subfield code="s">SCG 821.134.3(81).09 SAL jor</subfield></datafield></record></collection>